<?xml version="1.0" encoding="UTF-8"?><collection xmlns="http://www.loc.gov/MARC21/slim"><record><leader>00434nam--2200133-i-4500</leader><controlfield tag="001">000004550</controlfield><controlfield tag="002">20161230</controlfield><controlfield tag="005">20161230201025</controlfield><controlfield tag="008">060222s1000------------r-----000-0-eng-d</controlfield><datafield ind1=" " ind2=" " tag="100"><subfield code="a">Almeida I. G., Costa N.L., Marquez L</subfield></datafield><datafield ind1=" " ind2=" " tag="245"><subfield code="a">Cobalt - 60 from thermonuclear tests in the atmosphere</subfield></datafield><datafield ind1=" " ind2=" " tag="260"><subfield code="a">Rio De Janeiro, Centro Brasileiro De Pasqui- Sas Fisicas, 1958 6 P. + 2 Fig</subfield></datafield><datafield ind1=" " ind2=" " tag="490"><subfield code="a">Notas De Fisica, Vol. Iv, No.6</subfield></datafield><datafield ind1=" " ind2=" " tag="852"><subfield code="a">13930</subfield></datafield></record></collection>